<?xml version="1.0" encoding="UTF-8"?><collection xmlns="http://www.loc.gov/MARC21/slim"><record><leader>00354nam--2200133-i-4500</leader><controlfield tag="001">000050178</controlfield><controlfield tag="002">20161230</controlfield><controlfield tag="005">20161230201048</controlfield><controlfield tag="008">060222s1000------------r-----000-0-eng-d</controlfield><datafield ind1=" " ind2=" " tag="080"><subfield code="a">539.214</subfield></datafield><datafield ind1=" " ind2=" " tag="100"><subfield code="a">Bazinskii,Z.S.,Nabarro,F.R.N.,Holt,D.B</subfield></datafield><datafield ind1=" " ind2=" " tag="245"><subfield code="a">Plastichnost chistyh monokristallov</subfield></datafield><datafield ind1=" " ind2=" " tag="260"><subfield code="a">Moskva, Metallurgiia, 1967 G. 213 S</subfield></datafield><datafield ind1=" " ind2=" " tag="852"><subfield code="a">27904</subfield></datafield></record></collection>